@IEEEtranBSTCTL{bstctl:etal,
  CTLuse_forced_etal = {yes},
  CTLmax_names_forced_etal = {3},
}

@IEEEtranBSTCTL{bstctl:nodash,
  CTLdash_repeated_names = {no},
}

@IEEEtranBSTCTL{bstctl:simpurl,
  CTLname_url_prefix = {Available: },
}

@misc{elane,
  title={A Secure Bootloader for Demonstrating Formal Verification of Hardware-Firmware Interactions on SoCs},
  author={E. Chou and S. Malik},
  year={2015},
  note={Senior Thesis E.E Princeton University}
}
@article{greenstreet,
  title={Formal verification in hardware design: a survey},
  author={Kern, Christoph and Greenstreet, Mark R},
  journal={ACM Transactions on Design Automation of Electronic Systems (TODAES)},
  volume={4},
  number={2},
  pages={123--193},
  year={1999},
  publisher={ACM}
}

@inproceedings{validating-sat,
  title={Validating SAT solvers using an independent resolution-based checker: Practical implementations and other applications},
  author={Zhang, Lintao and Malik, Sharad},
  booktitle={Proceedings of the conference on Design, Automation and Test in Europe-Volume 1},
  pages={10880},
  year={2003},
  organization={IEEE Computer Society}
}

@inproceedings{z3-smt-solver,
  title={Z3: An efficient SMT solver},
  author={De Moura, Leonardo and Bj{\o}rner, Nikolaj},
  booktitle={International conference on Tools and Algorithms for the Construction and Analysis of Systems},
  pages={337--340},
  year={2008},
  organization={Springer}
}

@article{hardware-accel,
  title={Comparing hardware accelerators in scientific applications: A case study},
  author={Weber, Rick and Gothandaraman, Akila and Hinde, Robert J and Peterson, Gregory D},
  journal={IEEE Transactions on Parallel and Distributed Systems},
  volume={22},
  number={1},
  pages={58--68},
  year={2011},
  publisher={IEEE}
}

@inproceedings{ila,
  title={Invited: specification and modeling for systems-on-chip security verification},
  author={Malik, Sharad and Subramanyan, Pramod},
  booktitle={Design Automation Conference (DAC), 2016 53nd ACM/EDAC/IEEE},
  pages={1--6},
  year={2016},
  organization={IEEE}
}

@inproceedings{ila-template,
  title={Template-based synthesis of instruction-level abstractions for SoC verification},
  author={Subramanyan, Pramod and Vizel, Yakir and Ray, Sayak and Malik, Sharad},
  booktitle={Formal Methods in Computer-Aided Design (FMCAD), 2015},
  pages={160--167},
  year={2015},
  organization={IEEE}
}

@article{security-basics,
  title={Security basics for computer architects},
  author={Lee, Ruby B},
  journal={Synthesis Lectures on Computer Architecture},
  volume={8},
  number={4},
  pages={1--111},
  year={2013},
  publisher={Morgan \& Claypool Publishers}
}

@misc{secure-bootloader,
  title={Secure bootloader for securing digital devices},
  author={Cammack, William E and Kridner, Jason Douglas},
  year={2007},
  month=jun # "~26",
  publisher={Google Patents},
  note={US Patent 7,237,121}
}

@article{minisat,
  title={Minisat v1. 13-a sat solver with conflict-clause minimization},
  author={Sorensson, Niklas and Een, Niklas},
  journal={SAT},
  volume={2005},
  number={53},
  year={2005}
}

@book{tpm-book,
  title={A practical guide to trusted computing},
  author={Challener, David and Yoder, Kent and Catherman, Ryan and Safford, David and Van Doorn, Leendert},
  year={2007},
  publisher={Pearson Education}
}

@inproceedings{trustfound,
  title={Trustfound: Towards a formal foundation for model checking trusted computing platforms},
  author={Bai, Guangdong and Hao, Jianan and Wu, Jianliang and Liu, Yang and Liang, Zhenkai and Martin, Andrew},
  booktitle={International Symposium on Formal Methods},
  pages={110--126},
  year={2014},
  organization={Springer}
}

@inproceedings{load-protocol,
  title={Security of SoC firmware load protocols},
  author={Krstic, Sava and Yang, Jin and Palmer, David W and Osborne, Randy B and Talmor, Eran},
  booktitle={Hardware-Oriented Security and Trust (HOST), 2014 IEEE International Symposium on},
  pages={70--75},
  year={2014},
  organization={IEEE}
}

@article{eff-model-check,
  title={Efficient SAT-based bounded model checking for software verification},
  author={Ivan{\v{c}}i{\'c}, Franjo and Yang, Zijiang and Ganai, Malay K and Gupta, Aarti and Ashar, Pranav},
  journal={Theoretical Computer Science},
  volume={404},
  number={3},
  pages={256--274},
  year={2008},
  publisher={Elsevier}
}

@inproceedings{tpm-toctou,
  title={TOCTOU, traps, and trusted computing},
  author={Bratus, Sergey and D’Cunha, Nihal and Sparks, Evan and Smith, Sean W},
  booktitle={International Conference on Trusted Computing},
  pages={14--32},
  year={2008},
  organization={Springer}
}

@inproceedings{tcg-inside,
  title={TCG inside?: a note on TPM specification compliance},
  author={Sadeghi, Ahmad-Reza and Selhorst, Marcel and St{\"u}ble, Christian and Wachsmann, Christian and Winandy, Marcel},
  booktitle={Proceedings of the first ACM workshop on Scalable trusted computing},
  pages={47--56},
  year={2006},
  organization={ACM}
}

@inproceedings{TPM-state,
  title={A formal analysis of authentication in the TPM},
  author={Delaune, St{\'e}phanie and Kremer, Steve and Ryan, Mark D and Steel, Graham},
  booktitle={International Workshop on Formal Aspects in Security and Trust},
  pages={111--125},
  year={2010},
  organization={Springer}
}

@inproceedings{TPM-spec-verif,
  title={Security evaluation of scenarios based on the TCG’s TPM specification},
  author={G{\"u}rgens, Sigrid and Rudolph, Carsten and Scheuermann, Dirk and Atts, Marion and Plaga, Rainer},
  booktitle={European Symposium on Research in Computer Security},
  pages={438--453},
  year={2007},
  organization={Springer}
}

@article{RoT,
  title={Roots of Trust in Mobile Devices},
  author={Regenscheid, Andrew},
  journal={ISPAB, Feb},
  year={2012}
}

@misc{fw-summit,
  author = {Google Inc.},
  title = "Chrome OS Firmware Overview",
  howpublished = "Available: \url{https://docs.google.com/presentation/d/1h-nsDGlQmYI21dr95nYgLmyCYDgBIpJWSt9b7AqTZaw}",
  note = "[Accessed 1-November-2016]"
}

@misc{TPM,
  author = {Trusted Computing Group},
  title = {Trusted Platform Module},
  howpublished = "Available: \url{https://trustedcomputinggroup.org//work-groups/trusted-platform-module/}",
  note = "[Accessed 10-January-2016]"
}

@misc{TCG,
  author = {Trusted Computing Group},
  title = {Homepage},
  howpublished = "Available: \url{http://www.trustedcomputinggroup.org}",
  note = "[Accessed 10-January-2016]"
}
@misc{TPM-design,
  author = {Trusted Computing Group},
  title = {TPM Main: Part 1 Design Principles},
  howpublished = "Available: \url{https://trustedcomputinggroup.org/wp-content/uploads/Main-Part1-Rev94.pdf}",
  note = "[Accessed 2-February-2017]"
}

@misc{TPM-struct,
  author = {Trusted Computing Group},
  title = {TPM Main: Part 2 TPM Structures},
  howpublished = "Available: Group.\url{https://trustedcomputinggroup.org/wp-content/uploads/TPM-main-1.2-Rev94-part-2.pdf}",
  note = "[Accessed 2-February-2017]"
}

@misc{TPM-cmd,
  author = {Trusted Computing Group},
  title = {TPM Main: Part 3 Commands},
  howpublished = "Available: \url{https://trustedcomputinggroup.org/wp-content/uploads/TPM-main-1.2-Rev94-part-3.pdf}",
  note = "[Accessed 2-February-2017]"
}
@misc{git,
  author = {Git},
  title = {git: fast version control},
  howpublished = "Available: \url{https://git-scm.com/}",
  note = "[Accessed 10-December-2016]"
}
@misc{vboot,
  author = {Google Inc.},
  title = {Verified Boot},
  howpublished = "Available: \url{https://www.chromium.org/chromium-os/chromiumos-design-docs/verified-boot}",
  note = "[Accessed 15-April-2016]"
}
@misc{vboot-design-doc,
  author = {Google Inc.},
  title = {Firmware Boot and Recovery},
  howpublished = "Available: \url{http://www.chromium.org/chromium-os/chromiumos-design-docs/firmware-boot-and-recovery}",
  note = "[Accessed 1-November-2016]"
}
@misc{repo,
  author = {Google Inc.},
  title = {Developing with Git and Repo},
  howpublished = "Available: \url{http://source.android.com/source/developing.html}",
  note = "[Accessed 2-January-2017]"
}
@misc{coreboot,
  author = {Google Inc.},
  title = {Coreboot},
  howpublished = "Available: \url{https://www.coreboot.org/}",
  note = "[Accessed 3-November-2016]"
}
@misc{my-repo,
  author = {David Gilhooley},
  title = {CBMC-Vboot Repository},
  howpublished = "Available: \url{https://github.com/gilhooleyd/CBMC-Vboot}",
  note = "[Accessed 6-March-2017]"
}
@misc{coreboot-payload,
  author = {Intel},
  title = {Acquiring, Building, and Configuring the Payload Compatible with the Coreboot Reference Bootloader},
  howpublished = "Available: \url{http://www.intel.com/content/dam/www/public/us/en/documents/white-papers/coreboot-reference-bootloader-white-paper.pdf}",
  note = "[Accessed 11-December-2016]"
}
@misc{depthcharge-slides,
  author = {Google Inc.},
  title = {Depthcharge: The ChromeOS bootloader},
  howpublished = "Available: \url{https://a77db9aa-a-7b23c8ea-s-sites.googlegroups.com/a/chromium.org/dev/chromium-os/2014-firmware-summit/ChromeOS\%20firmware\%20summit\%20-\%20Depthcharge.pdf}",
  note = "[Accessed 3-November-2016]"
}

@misc{depthcharge-codebase,
  author = {Google Inc.},
  title = {Depthcharge Codebase},
  howpublished = "Available: 2016.\url{https://chromium.googlesource.com/chromiumos/platform/depthcharge/}",
  note = "[Accessed 3-November-2016]"
}
@misc{vboot-codebase,
  author = {Google Inc.},
  title = {Verified Boot Codebase},
  howpublished = "Available: \url{https://chromium.googlesource.com/chromiumos/platform/vboot\_reference/}",
  note = "[Accessed 1-October-2016]"
}
@misc{developer-mode,
  author = {Google Inc.},
  title = {Chrome OS Developer Mode},
  howpublished = "Available: \url{http://www.chromium.org/chromium-os/chromiumos-design-docs/developer-mode}",
  note = "[Accessed 3-November-2016]"
}
@misc{vboot-data-structures,
  author = {Google Inc.},
  title = {Verified Boot Data Structures},
  howpublished = "Available: \url{http://www.chromium.org/chromium-os/chromiumos-design-docs/verified-boot-data-structures}",
  note = "[Accessed 3-November-2016]"
}
@misc{qemu-site,
  author = {QEMU},
  title = {QEMU: The Fast Processor Emulator},
  howpublished = "Available: \url{http://www.qemu-project.org/}",
  note = "[Accessed 10-February-2017]"
}
@misc{TPMLibs,
  author = {Stefan Berger},
  title = {LibTpms},
  howpublished = "Available: \url{https://github.com/stefanberger/libtpms}",
  note = "[Accessed 10-February-2017]"
}

@misc{SWTPM,
  author = {Stefan Berger},
  title = {SwTPM},
  howpublished = "Available: \url{https://github.com/stefanberger/swtpm}",
  note = "[Accessed 10-February-2017]"
}
@misc{TPMQEMU,
  author = {Stefan Berger},
  title = {QEMU-TPM},
  howpublished = "Available: \url{https://github.com/stefanberger/qemu-tpm}",
  note = "[Accessed 10-February-2017]"
}
@misc{multiboot,
  title = {Multiboot Specification},
  howpublished = "Available: \url{https://www.gnu.org/software/grub/manual/multiboot/multiboot.html}",
  note = "[Accessed 5-January-2017]"
}
@misc{atmel-tpm,
  author = {Atmel Inc.},
  title = {AT97SC3201 — The Atmel Trusted Platform Module},
  howpublished = "Available: \url{http://www.atmel.com/images/doc5128.pdf}",
  note = "[Accessed 10-April-2017]"
}
@misc{broadcom-tpm,
  author = {Broadcom Inc.},
  title = {BCM5752 -- Single-chip device for desktop lan-on-motherboard applications},
  howpublished = "Available: \url{http://www.recomb-omsk.ru/published/SC/html/scripts/doc/BCM5752-PB02-R.pdf}",
  note = "[Accessed 10-April-2017]"
}
@misc{infineon-tpm,
  author = {Infineon Inc.},
  title = {Technologies AG. Product Brief — TPM 1.2 Hardware.},
  howpublished = "Available: \url{http://www.infineon.com/tpm},",
  note = "[Accessed 10-April-2017]"
}
@misc{tpm-slides,
  author = {Raymond Ng},
  title = {TPM Fundamentals},
  howpublished = "Available: \url{http://www.cs.unh.edu/~it666/reading_list/Hardware/tpm_fundamentals.pdf}
",
  note = "[Accessed 10-March-2017]"
}
@article{smt,
  title={Satisfiability Modulo Theories.},
  author={Barrett, Clark W and Sebastiani, Roberto and Seshia, Sanjit A and Tinelli, Cesare},
  journal={Handbook of satisfiability},
  volume={185},
  pages={825--885},
  year={2009}
}
@inproceedings{cbmc,
  title={CBMC--C bounded model checker},
  author={Kroening, Daniel and Tautschnig, Michael},
  booktitle={International Conference on Tools and Algorithms for the Construction and Analysis of Systems},
  pages={389--391},
  year={2014},
  organization={Springer}
}

@article{cooper2011bios,
  title={Bios protection guidelines},
  author={Cooper, David and Polk, William and Regenscheid, Andrew and Souppaya, Murugiah},
  journal={NIST Special Publication},
  volume={800},
  pages={147},
  year={2011}
}
