@IEEEtranBSTCTL{bstctl:etal,
  CTLuse_forced_etal = {yes},
  CTLmax_names_forced_etal = {3},
}

@IEEEtranBSTCTL{bstctl:nodash,
  CTLdash_repeated_names = {no},
}

@IEEEtranBSTCTL{bstctl:simpurl,
  CTLname_url_prefix = {Available: },
}

@misc{fw_summit,
    author = "Laurie, Duncan",
    Institution = "Google",
    Year = "2014",
    Title = {Chrome OS Firmware Overview},
    HowPublished = "\url{https://docs.google.com/presentation/d/1h-nsDGlQmYI21dr95nYgLmyCYDgBIpJWSt9b7AqTZaw/pub?start=false&loop=false&delayms=3000&slide=id.g2ba203e62_048}"
}

@misc{vboot_doc, 
    title={Verified Boot - The Chromium Projects}, 
    url={http://www.chromium.org/chromium-os/chromiumos-design-docs/verified-boot},
    journal={The Chromium Projects}
}

@misc{coreboot, 
    title={CoreBoot}, 
    url={https://www.coreboot.org/Welcome_to_coreboot},
    journal={CoreBoot Wiki}
}

@book{lamport94,
    author    = "Leslie Lamport",
    title     = "{\LaTeX: A Document Preparation System}",
    year      = "1994",
    publisher = "Addison-Wesley",
    edition = "2nd",
    address   = "Reading, Massachusetts"
}

@inproceedings{nicepaper,
  author = "Firstname1 Lastname1 and Firstname2 Lastname2",
  title = "A Very Nice Paper To Cite",
  year = "2000",
  booktitle = "International Symposium on Computer Architecture"
}

@inproceedings{nicepaper2,
  author = "Firstname1 Lastname1 and Firstname2 Lastname2",
  title = "Another Very Nice Paper To Cite",
  year = "2001",
  booktitle = "International Symposium on Computer Architecture"
}

@inproceedings{Salzberg:2005,
 author = {Salzberg, Ben and Murphy, Trevor},
 title = {LaTeX: When {Word} Fails You},
 booktitle = {Proceedings of the 33rd Annual ACM SIGUCCS Conference on User Services},
 series = {SIGUCCS '05},
 year = {2005},
 location = {Monterey, CA, USA},
 pages = {241--243},
 publisher = {ACM},
 address = {New York, NY, USA},
} 
